@article{ware2015stm,
  title={The STM report},
  author={Ware, Mark and Mabe, Michael},
  journal={International Association of Scientific, Technical and Medical Publishers},
  pages={5},
  year={2015},
  publisher={Citeseer}
}

@incollection{ricci2011introduction,
  title={Introduction to recommender systems handbook},
  author={Ricci, Francesco and Rokach, Lior and Shapira, Bracha},
  booktitle={Recommender systems handbook},
  pages={1--35},
  year={2011},
  publisher={Springer}
}

@article{primo2006tecnicas,
  title={T{\'e}cnicas de Recomenda{\c{c}}{\~a}o para usu{\'a}rios de Bibliotecas Digitais},
  author={Primo, Tiago and Loh, Stanley},
  journal={Simp{\'o}sio Brasileiro de Sistemas de Informa{\c{c}}{\~a}o. Curitiba, PR},
  year={2006}
}

@article{da2018desenvolvimento,
  title={Desenvolvimento de um sistema de recomenda{\c{c}}{\~a}o para Bibliotecas Digitais},
  author={da Rosa Furlan, Leonardo Ant{\^o}nio and de Oliveira Zamberlan, Alexandre and Vieira, Sylvio Andr{\'e} Garcia and Canal, Ana Paula},
  journal={Disciplinarum Scientia| Naturais e Tecnol{\'o}gicas},
  volume={19},
  number={1},
  pages={87--104},
  year={2018}
}

@techreport{page1999pagerank,
  title={The PageRank citation ranking: Bringing order to the web.},
  author={Page, Lawrence and Brin, Sergey and Motwani, Rajeev and Winograd, Terry},
  year={1999},
  institution={Stanford InfoLab}
}

@misc{CNPq2019lattes,
  author = {CNPq},
  title = {Sobre a plataforma Lattes},
  howpublished = {\url{http://memoria.cnpq.br/web/portal-lattes/sobre-a-plataforma}},
  urldate = {14.04.2019},
  note =  {Acesso em: Abril/2019},
  year={2019}
}

@article{ekstrand2019recommender,
  title={Recommender Systems Notation: Proposed Common Notation for Teaching and Research},
  author={Ekstrand, Michael D and Konstan, Joseph A},
  journal={arXiv preprint arXiv:1902.01348},
  year={2019}
}

@incollection{pazzani2007content,
  title={Content-based recommendation systems},
  author={Pazzani, Michael J and Billsus, Daniel},
  booktitle={The adaptive web},
  pages={325--341},
  year={2007},
  publisher={Springer}
}

@inproceedings{sinha2001comparing,
  title={Comparing recommendations made by online systems and friends.},
  author={Sinha, Rashmi R and Swearingen, Kirsten},
  booktitle={DELOS},
  year={2001}
}

@incollection{victor2011trust,
  title={Trust and recommendations},
  author={Victor, Patricia and De Cock, Martine and Cornelis, Chris},
  booktitle={Recommender systems handbook},
  pages={645--675},
  year={2011},
  publisher={Springer}
}

@article{perra2008spectral,
  title={Spectral centrality measures in complex networks},
  author={Perra, Nicola and Fortunato, Santo},
  journal={Physical Review E},
  volume={78},
  number={3},
  pages={036107},
  year={2008},
  publisher={APS}
}

@article{opsahl2010node,
  title={Node centrality in weighted networks: Generalizing degree and shortest paths},
  author={Opsahl, Tore and Agneessens, Filip and Skvoretz, John},
  journal={Social networks},
  volume={32},
  number={3},
  pages={245--251},
  year={2010},
  publisher={Elsevier}
}

@inproceedings{massa2004trust,
  title={Trust-aware collaborative filtering for recommender systems},
  author={Massa, Paolo and Avesani, Paolo},
  booktitle={OTM Confederated International Conferences: On the Move to Meaningful Internet Systems},
  pages={492--508},
  year={2004},
  organization={Springer}
}

@inproceedings{prass2019parser,
  title={Parser  e  Leitura  Aautomatizada  De  Currículos  Da  Plataforma  Lattes  Para  Extração De Indicadores Acadêmicos e Tecnológicos},
  author={Prass, Fernando Sarturi and Matheus Boijink, Franklin and de Oliveira Zamberlan, Alexandre},
  booktitle={Comunicação, Mídias e Educação},
  pages={492--508},
  year={2019},
  organization={Atena Editora}
}

@article{dijkstra1959note,
  title={A note on two problems in connexion with graphs},
  author={Dijkstra, Edsger W},
  journal={Numerische mathematik},
  volume={1},
  number={1},
  pages={269--271},
  year={1959},
  publisher={Springer}
}

@incollection{shani2011evaluating,
  title={Evaluating recommendation systems},
  author={Shani, Guy and Gunawardana, Asela},
  booktitle={Recommender systems handbook},
  pages={257--297},
  year={2011},
  publisher={Springer}
}

@article{bagshaw2007international,
  title={International research collaboration: Building teams and managing conflicts},
  author={Bagshaw, Dale and Lepp, Margret and Zorn, CeCelia R},
  journal={Conflict Resolution Quarterly},
  volume={24},
  number={4},
  pages={433--446},
  year={2007},
  publisher={Wiley Online Library}
}

@article{scikit-learn,
 title={Scikit-learn: Machine Learning in {P}ython},
 author={Pedregosa, F. and Varoquaux, G. and Gramfort, A. and Michel, V.
         and Thirion, B. and Grisel, O. and Blondel, M. and Prettenhofer, P.
         and Weiss, R. and Dubourg, V. and Vanderplas, J. and Passos, A. and
         Cournapeau, D. and Brucher, M. and Perrot, M. and Duchesnay, E.},
 journal={Journal of Machine Learning Research},
 volume={12},
 pages={2825--2830},
 year={2011}
}

@techreport{networkx2008,
  title={Exploring network structure, dynamics, and function using NetworkX},
  author={Hagberg, Aric and Swart, Pieter and S Chult, Daniel},
  year={2008},
  institution={Los Alamos National Lab.(LANL), Los Alamos, NM (United States)}
}